@misc{bostonmap, title={Boston Income Map}, url={http://www.city-data.com/income/income-Boston-Massachusetts.html}, journal={City-data},
}

@misc{bostonshapefile, title={Harvard WorldMap}, url={http://worldmap.harvard.edu/data/geonode:boston_neighborhood_shapefiles_iq5}, journal={WorldMap},
}

@misc{CLU,
  title = {Community Labor United},
  url={http://massclu.org/},
  journal={Community Labor United},
  publisher={Community Labor United},
  author={Admin}, 
  year={2019},
  month={Mar},
} 

@Manual{R-base,  
  author = {{R Core Team}},
  title = {R: A Language and Environment for Statistical Computing},
  address = {Vienna, Austria},
  year = {2017},
  url = {https://www.R-project.org/},
}

@Manual{R-papaja,
  author = {Frederik Aust and Marius Barth},
  title = {{papaja}: {Create} {APA} manuscripts with {R Markdown}},
  year = {2018},
  note = {R package version 0.1.0.9842},
  url = {https://github.com/crsh/papaja},
}

@Manual{R-dplyr,
  title = {dplyr: A Grammar of Data Manipulation},
  author = {Hadley Wickham and Romain François and Lionel Henry and Kirill Müller},
  year = {2019},
  note = {R package version 0.8.0.1},
  url = {https://CRAN.R-project.org/package=dplyr},
}

@Manual{R-forcats,
  title = {forcats: Tools for Working with Categorical Variables (Factors)},
  author = {Hadley Wickham},
  year = {2018},
  note = {R package version 0.3.0},
  url = {https://CRAN.R-project.org/package=forcats},
}

@Manual{R-ggformula,
  title = {ggformula: Formula Interface to the Grammar of Graphics},
  author = {Daniel Kaplan and Randall Pruim},
  year = {2017},
  note = {R package version 0.6},
  url = {https://CRAN.R-project.org/package=ggformula},
}

@book{R-ggplot2,
  author = {Hadley Wickham},
  title = {ggplot2: Elegant Graphics for Data Analysis},
  publisher = {Springer-Verlag New York},
  year = {2016},
  isbn = {978-3-319-24277-4},
  url = {https://ggplot2.tidyverse.org},
}

@book{R-lattice,
  title = {Lattice: Multivariate Data Visualization with R},
  author = {Deepayan Sarkar},
  publisher = {Springer},
  address = {New York},
  year = {2008},
  note = {ISBN 978-0-387-75968-5},
  url = {http://lmdvr.r-forge.r-project.org},
}

@Manual{R-leaflet,
  title = {leaflet: Create Interactive Web Maps with the JavaScript 'Leaflet'
Library},
  author = {Joe Cheng and Bhaskar Karambelkar and Yihui Xie},
  year = {2018},
  note = {R package version 2.0.2},
  url = {https://CRAN.R-project.org/package=leaflet},
}
@Manual{R-leaflet.extras,
  title = {leaflet.extras: Extra Functionality for 'leaflet' Package},
  author = {Bhaskar Karambelkar and Barret Schloerke},
  year = {2018},
  note = {R package version 1.0.0},
  url = {https://CRAN.R-project.org/package=leaflet.extras},
}
@Manual{R-mapview,
  title = {mapview: Interactive Viewing of Spatial Data in R},
  author = {Tim Appelhans and Florian Detsch and Christoph Reudenbach and Stefan Woellauer},
  year = {2018},
  note = {R package version 2.6.3},
  url = {https://CRAN.R-project.org/package=mapview},
}
@Manual{R-Matrix,
  title = {Matrix: Sparse and Dense Matrix Classes and Methods},
  author = {Douglas Bates and Martin Maechler},
  year = {2017},
  note = {R package version 1.2-10},
  url = {https://CRAN.R-project.org/package=Matrix},
}
@Article{R-mosaic,
  author = {Randall Pruim and Daniel T Kaplan and Nicholas J Horton},
  title = {The mosaic Package: Helping Students to 'Think with Data' Using R},
  journal = {The R Journal},
  volume = {9},
  number = {1},
  pages = {77--102},
  year = {2017},
  url = {https://journal.r-project.org/archive/2017/RJ-2017-024/index.html},
}
@Manual{R-mosaicData,
  title = {mosaicData: Project MOSAIC Data Sets},
  author = {Randall Pruim and Daniel Kaplan and Nicholas Horton},
  year = {2016},
  note = {R package version 0.14.0},
  url = {https://CRAN.R-project.org/package=mosaicData},
}
@Manual{R-purrr,
  title = {purrr: Functional Programming Tools},
  author = {Lionel Henry and Hadley Wickham},
  year = {2019},
  note = {R package version 0.3.2},
  url = {https://CRAN.R-project.org/package=purrr},
}
@Manual{R-readr,
  title = {readr: Read Rectangular Text Data},
  author = {Hadley Wickham and Jim Hester and Romain Francois},
  year = {2017},
  note = {R package version 1.1.1},
  url = {https://CRAN.R-project.org/package=readr},
}
@Article{R-sf,
  author = {Edzer Pebesma},
  title = {{Simple Features for R: Standardized Support for Spatial
          Vector Data}},
  year = {2018},
  journal = {{The R Journal}},
  url = {https://journal.r-project.org/archive/2018/RJ-2018-009/index.html},
}
@Manual{R-stringr,
  title = {stringr: Simple, Consistent Wrappers for Common String Operations},
  author = {Hadley Wickham},
  year = {2019},
  note = {R package version 1.4.0},
  url = {https://CRAN.R-project.org/package=stringr},
}
@Manual{R-tibble,
  title = {tibble: Simple Data Frames},
  author = {Kirill Müller and Hadley Wickham},
  year = {2019},
  note = {R package version 2.1.1},
  url = {https://CRAN.R-project.org/package=tibble},
}
@Manual{R-tidycensus,
  title = {tidycensus: Load US Census Boundary and Attribute Data as 'tidyverse' and
'sf'-Ready Data Frames},
  author = {Kyle Walker},
  year = {2019},
  note = {R package version 0.9},
  url = {https://CRAN.R-project.org/package=tidycensus},
}

@Manual{R-tidyverse,
  title = {tidyverse: Easily Install and Load the 'Tidyverse'},
  author = {Hadley Wickham},
  year = {2017},
  note = {R package version 1.2.1},
  url = {https://CRAN.R-project.org/package=tidyverse},
}
@Manual{R-tigris,
  title = {tigris: Load Census TIGER/Line Shapefiles},
  author = {Kyle Walker},
  year = {2018},
  note = {R package version 0.7},
  url = {https://CRAN.R-project.org/package=tigris},
}

@misc{EEC, 
title={Department of Early Education and Care}, 
url={https://www.mass.gov/orgs/department-of-early-education-and-care}, 
journal={Mass.gov}, 
publisher={Common Wealth of Massachusetts}, 
author={Weber, Thomas L}, 
year={2019}}

@misc{childcare_desert, title={America's Child Care Deserts in 2018}, url={https://www.americanprogress.org/issues/early-childhood/reports/2018/12/06/461643/americas-child-care-deserts-2018/}, journal={Center for American Progress}, author={Malik, Rasheed and Hamm, Katie and Schochet, Leila and Novoa, Cristina and Workman, Simon and Jessen-Howard, Steven}}

@article{epi_2015, title={Irregular Work Scheduling and Its Consequences}, url={www.EPI.org}, number={394}, journal={Economic Policy Institute Briefing Paper}, author={EPI}, year={2015}, month={Apr}, pages={1–41}}

@article{lambert_henly_2014, title={Measuring Precarious Work Schedules}, url={www.ssascholars.uchicago.edu/einet}, journal={Employment Instability, Family Well-Being, and Social Policy Network}, author={Lambert, Susan J. and Henly, Julia R.}, year={2014}, month={Nov}, pages={1–26}}

@article{duffy_albelda_hammonds_2013, title={Counting Care Work: The Empirical and Policy Applications of Care Theory}, DOI={129.64.99.141}, author={Duffy, Mignon and Albelda, Randy and Hammonds, Clare}, year={2013}, month={May}, pages={1–23}}

@article{adams_katz_2015, title={Review of Massachusetts Child Care Subsidy Eligibility Policies and Practices}, journal={Urban Institute}, author={Adams, Gina and Katz, Michael}, year={2015}, month={Mar}, pages={1–44}}

